<record><leader>00000cas a22000007a 4500</leader><controlfield tag="001">35171493</controlfield><controlfield tag="008">960731c19739999caumr ne      0    0eng d</controlfield><datafield ind1=" " ind2=" " tag="010"><subfield code="a">sn 96064433 </subfield></datafield><datafield ind1=" " ind2=" " tag="040"><subfield code="a">CNK</subfield><subfield code="b">eng</subfield><subfield code="c">CNK</subfield><subfield code="d">OCLCQ</subfield><subfield code="d">OCLCF</subfield><subfield code="d">OCLCO</subfield></datafield><datafield ind1="1" ind2=" " tag="029"><subfield code="a">AU@</subfield><subfield code="b">000012745953</subfield></datafield><datafield ind1=" " ind2=" " tag="042"><subfield code="a">msc</subfield></datafield><datafield ind1=" " ind2=" " tag="043"><subfield code="a">n-us-ca</subfield></datafield><datafield ind1="0" ind2="0" tag="245"><subfield code="a">Central California Jewish heritage.</subfield></datafield><datafield ind1="1" ind2="7" tag="246"><subfield code="a">Central California heritage</subfield></datafield><datafield ind1=" " ind2=" " tag="260"><subfield code="a">Fresno, Calif. :</subfield><subfield code="b">Heritage Pub. Co.</subfield></datafield><datafield ind1=" " ind2=" " tag="300"><subfield code="a">v.</subfield></datafield><datafield ind1=" " ind2=" " tag="310"><subfield code="a">Monthly</subfield></datafield><datafield ind1="0" ind2=" " tag="362"><subfield code="a">Vol. 5734, no. 1 (Sept. 21, 1973)-</subfield></datafield><datafield ind1=" " ind2="0" tag="650"><subfield code="a">Jewish newspapers</subfield><subfield code="z">California.</subfield></datafield><datafield ind1=" " ind2="7" tag="650"><subfield code="a">Jewish newspapers.</subfield><subfield code="2">fast</subfield><subfield code="0">(OCoLC)fst00982872</subfield></datafield><datafield ind1=" " ind2="7" tag="651"><subfield code="a">California.</subfield><subfield code="2">fast</subfield><subfield code="0">(OCoLC)fst01204928</subfield></datafield><datafield ind1=" " ind2=" " tag="752"><subfield code="a">United States</subfield><subfield code="b">California</subfield><subfield code="c">Fresno</subfield><subfield code="d">Fresno.</subfield></datafield><datafield ind1="1" ind2=" " tag="775"><subfield code="t">Heritage Southwest Jewish press</subfield><subfield code="w">(DLC)sn 96064431</subfield></datafield><datafield ind1="1" ind2=" " tag="775"><subfield code="t">Southwest Jewish press heritage</subfield><subfield code="w">(DLC)sn 96064430</subfield></datafield><datafield ind1="1" ind2=" " tag="775"><subfield code="t">San Diego Jewish press heritage</subfield><subfield code="w">(DLC)sn 95068808</subfield></datafield><datafield ind1="1" ind2=" " tag="775"><subfield code="t">Orange County Jewish heritage</subfield><subfield code="w">(DLC)sn 78005139</subfield></datafield><datafield ind1="0" ind2="0" tag="780"><subfield code="t">Central Valley Jewish heritage</subfield><subfield code="w">(DLC)sn 96064432</subfield></datafield></record>